
@book{wilke2019,
  author         = {Wilke, Claus O.},
  editor         = {},
  title          = {Fundamentals of Data Visualization},
  publisher      = {O'Reilly Media, Inc.},
  year           = {2019},
  ISBN           = {9781492031086},
  url            = {https://clauswilke.com/dataviz/}
}

@misc{chen2017,
  author       = {Chen, Xi},
  title        = {Data Visualization, A Survey},
  url = {https://xchen555.github.io/paper/A%20survey%20on%20data%20visualization.pdf},
  year         = {2017}
}


@INPROCEEDINGS{taxonomy,  
  author={Shneiderman, B.},  
  booktitle={Proceedings 1996 IEEE Symposium on Visual Languages},   
  title={The eyes have it: a task by data type taxonomy for information visualizations},   
  year={1996},  
  volume={},  
  number={},  
  pages={336-343},  
  doi={10.1109/VL.1996.545307},
  url = {https://www.cs.umd.edu/~ben/papers/Shneiderman1996eyes.pdf}
  }

@INPROCEEDINGS{pie,  
  author={Kosara, Robert},  
  booktitle={2019 IEEE Visualization Conference (VIS)},   
  title={Evidence for Area as the Primary Visual Cue in Pie Charts},   
  year={2019},  
  volume={},  
  number={},  
  pages={101-105},  
  doi={10.1109/VISUAL.2019.8933547}
  url = {https://kosara.net/papers/2019/Kosara-VISShort-2019.pdf}
  }

@inproceedings{viscomp,
  title = "Changing the view: towards the theory of visualisation comprehension",
  author = "Mark Shovman and Andrea Szymkowiak and Bown, {James L.} and Scott-Brown, {Kenneth C.}",
  year = "2009",
  month = jul,
  doi = "10.1109/IV.2009.78",
  language = "English",
  isbn = "9780769537337",
  pages = "135--138",
  editor = "Ebad Banissi and Liz Stuart and Wyeld, {Theodor G.} and Mikael Jern and Gennady Andrienko and Nasrullah Memon and Reda Alhajj and Burkhard, {Remo Aslak} and Georges Grinstein and Dennis Groth and Anna Ursyn and Jimmy Johansson and Camilla Forsell and Urska Cvek and Marjan Trutschl and Marchese, {Francis T.} and Carsten Maple and Cowell, {Andrew J.} and Moere, {Andrew Vande}",
  booktitle = "Proceedings",
  publisher = "IEEE ",
  note = "13th International Conference on Information Visualisation, IV 2009 ; Conference date: 15-07-2009 Through 17-07-2009",
}

@techreport{malu2015a,
  year = {2015},
  edition = {},
  number = {},
  journal = {},
  pages = {},
  publisher = {Reuters Institute for the Study of Journalism},
  school = {},
  title = {Making research useful : current challenges and good practices in data visualisation},
  volume = {},
  author = {Gatto, Malu A. C.},
  editor = {},
  series = {}
}

@ARTICLE{overplot,  
  author={Dang, Tuan Nhon and Wilkinson, Leland and Anand, Anushka},  
  journal={IEEE Transactions on Visualization and Computer Graphics},   
  title={Stacking Graphic Elements to Avoid Over-Plotting},   
  year={2010},  
  volume={16},  
  number={6},  
  pages={1044-1052},  
  doi={10.1109/TVCG.2010.197}
}

@inproceedings{decpot,
author = {Lauer, Claire and O'Brien, Shaun},
title = {The Deceptive Potential of Common Design Tactics Used in Data Visualizations},
year = {2020},
isbn = {9781450375252},
publisher = {Association for Computing Machinery},
address = {New York, NY, USA},
url = {https://doi.org/10.1145/3380851.3416762},
doi = {10.1145/3380851.3416762},
booktitle = {Proceedings of the 38th ACM International Conference on Design of Communication},
articleno = {27},
numpages = {9},
keywords = {Deceptive tactics, Graphs, Data Visualization, Titles, Truncated Axis, Ethics},
location = {Denton, TX, USA},
series = {SIGDOC '20}
}

@article{covid,
author = {Sara Doan},
title ={Misrepresenting COVID-19: Lying With Charts During the Second Golden Age of Data Design},
journal = {Journal of Business and Technical Communication},
volume = {35},
number = {1},
pages = {73-79},
year = {2021},
doi = {10.1177/1050651920958392},
URL = {https://doi.org/10.1177/1050651920958392},
eprint = {https://doi.org/10.1177/1050651920958392}
}

@article{goodbadbias,
author = {Szafir, Danielle Albers},
title = {The Good, the Bad, and the Biased: Five Ways Visualizations Can Mislead (and How to Fix Them)},
year = {2018},
issue_date = {July - August 2018},
publisher = {Association for Computing Machinery},
address = {New York, NY, USA},
volume = {25},
number = {4},
issn = {1072-5520},
url = {https://doi.org/10.1145/3231772},
doi = {10.1145/3231772},
journal = {Interactions},
month = jun,
pages = {26â€“33},
numpages = {8}
}

@article{MARTINEZ2015,
   title = {{Description of continuous data using bar graphs: a misleading approach}},
   journal = {{Revista da Sociedade Brasileira de Medicina Tropical}},
   author={Martinez, Edson Zangiacomi},
   ISSN = {0037-8682},
   language = {en},
   URL = {http://www.scielo.br/scielo.php?script=sci_arttext&pid=S0037-86822015000400494&nrm=iso},
   volume = {48},
   year = {2015},
   month = {08},
   pages = {494 - 497},
   publisher = {scielo},
   crossref = {10.1590/0037-8682-0013-2015},
   }

@inproceedings{claire-obrian,
author = {Lauer, Claire and O'Brien, Shaun},
title = {The Deceptive Potential of Common Design Tactics Used in Data Visualizations},
year = {2020},
isbn = {9781450375252},
publisher = {Association for Computing Machinery},
address = {New York, NY, USA},
url = {https://doi.org/10.1145/3380851.3416762},
doi = {10.1145/3380851.3416762},
booktitle = {Proceedings of the 38th ACM International Conference on Design of Communication},
articleno = {27},
numpages = {9},
keywords = {Ethics, Titles, Deceptive tactics, Graphs, Data Visualization, Truncated Axis},
location = {Denton, TX, USA},
series = {SIGDOC '20}
}

@article{YANG2021,
title = {Truncating Bar Graphs Persistently Misleads Viewers},
journal = {Journal of Applied Research in Memory and Cognition},
year = {2021},
issn = {2211-3681},
doi = {https://doi.org/10.1016/j.jarmac.2020.10.002},
url = {https://www.sciencedirect.com/science/article/pii/S2211368120300978},
author = {Brenda W. Yang and Camila {Vargas Restrepo} and Matthew L. Stanley and Elizabeth J. Marsh},
keywords = {Data visualization, Misleading graphs, Misinformation, Axis truncation, Bar graphs}
}
@misc{parikh_2014, 
   title={How to Lie with Data Visualization}, 
   url={https://heap.io/blog/data-stories/how-to-lie-with-data-visualization},
   journal={Heap - Data Stories}, 
   author={Parikh, Ravi}, 
   year={2014}, 
   month={Apr}}


@article{HuynhHaiDang2017,
title = {Two-dimensional bar charts},
year = {2017},
doi = {http://dx.doi.org/10.18419/opus-9496},
url = {https://elib.uni-stuttgart.de/handle/11682/9513},
author = {Huynh, Hai Dang},
publisher = {University of Stuttgart}
}

@online{Few2016,
 URL = {http://perceptualedge.com/articles/visual_business_intelligence/bar_widths.pdf},
 author = {Steven Few},
 journal = {Visual Business Intelligence Newsletter},
 publisher = {Perceptual Edge},
 title = {Bar Widths and the Spaces in Between},
 year = {2016}
}

@misc{logax,
  author       = {Motulsky, Harvey J.},
  title        = {The Use and Abuse of Logarithmic Axes},
  howpublished = {Online, GraphPad Software, inc.},
  year         = {2009},
  url          = {https://web.archive.org/web/20101123050530/http://graphpad.com/faq/file/1487logaxes.pdf}
}


@article{ecolog,
  author          = {Menge, D.N.L. and MacPherson, A.C. and Bytnerowicz, T.A. and et al.},
  title           = {Logarithmic scales in ecological data presentation may cause misinterpretation.},
  journal         = {Nat Ecol},
  volume          = {2},
  pages           = {1393 - 1402},
  year            = {2018},
  doi             = {https://doi.org/10.1038/s41559-018-0610-7}
}

@article{psych,
  author          = {Andrews, Dorothy},
  title           = {The Psychology of Visual Data},
  journal         = {Predictive Analytics & Futurism},
  issue           = {19},
  pages           = {24 - 25},
  year            = {2018},
  url             = {https://www.soa.org/globalassets/assets/library/newsletters/predictive-analytics-and-futurism/2018/december/2018-predictive-analytics-iss19-andrews.pdf}
}


@article{pursuasive,
author = {Pandey, Anshul and Manivannan, Anjali and Nov, Oded and Satterthwaite, Margaret and Bertini, Enrico},
year = {2014},
month = {12},
pages = {2211-2220},
title = {The Persuasive Power of Data Visualization},
volume = {20},
journal = {Visualization and Computer Graphics, IEEE Transactions on},
doi = {10.1109/TVCG.2014.2346419}
}

@misc{insights
  title         = {Using Data Visualization to Find Insights in Data},
  author        = {Gregor Aisch},
  howpublished  = {Online, DataJournalism.com},
  year          = {n.d.},
  url           = {https://datajournalism.com/read/handbook/one/understanding-data/using-data-visualization-to-find-insights-in-data}
}

@misc{covid2
  title         = {COVID-19 In Charts: Examples of Good & Bad Data Visualization},
  author        = {Stephen Tracy},
  howpublished  = {Online, analythical.com},
  year          = {2020},
  url           = {https://analythical.com/blog/covid19-in-charts}
}

@online{stone2006,
 URL = {https://www.perceptualedge.com/articles/b-eye/choosing_colors.pdf},
 author = {Maureen Stone},
 journal = {Business Intelligence Network (B-EYE-NETWORK)},
 publisher = {Perceptual Edge},
 title = {Choosing Colors for Data Visualization},
 year = {2006}
}

@online{Few2004,
 URL = {http://www.perceptualedge.com/articles/ie/elegance.pdf},
 author = {Steven Few},
 journal = {Intelligent Enterprise},
 publisher = {Perceptual Edge},
 title = {Elegance Through Simplicity},
 year = {2004}
}

@online{Few2004mistakes,
 URL = {http://www.perceptualedge.com/articles/ie/data_presentation.pdf},
 author = {Steven Few},
 journal = {Intelligent Enterprise},
 publisher = {Perceptual Edge},
 title = {Common Mistakes in Data Presentation},
 year = {2004}
}

@ARTICLE{coldesign,
  author={Wang, Lujin and Giesen, Joachim and McDonnell, Kevin T. and Zolliker, Peter and Mueller, Klaus},
  journal={IEEE Transactions on Visualization and Computer Graphics}, 
  title={Color Design for Illustrative Visualization}, 
  year={2008},
  volume={14},
  number={6},
  pages={1739-1754},
  doi={10.1109/TVCG.2008.118}}

@ARTICLE{gestalt,
AUTHOR = {Todorovic, D. },
TITLE   = {{G}estalt principles},
YEAR    = {2008},
JOURNAL = {Scholarpedia},
VOLUME  = {3},
NUMBER  = {12},
PAGES   = {5345},
DOI     = {10.4249/scholarpedia.5345},
NOTE    = {revision \#91314}
}

@misc{bull,
  author       = {Bergstrom, Carl T. and  West, Jevin},
  title        = {Misleading axes on graphs},
  howpublished = {Online, Calling Bullshit - Data Reasoning in a Digital World},
  url          = {https://www.callingbullshit.org/tools/tools_misleading_axes.html},
  year         = {}
}